@online{wikiopencl,
    author = {Wikipédia},
    title = {OpenCL --- Wikipédia l'encyclopédie libre},
    year = 2020,
    url = {http://fr.wikipedia.org/w/index.php?title=OpenCL&oldid=170083630},
    urldate = {2020-06-13}
}

@online{intelgit,
    title = {Intel compute runtime releases},
    year = 2020,
    url = {https://github.com/intel/compute-runtime/releases},
    urldate = {2020-06-13}
}

@online{inteldrivers,
    title = {OpenCL Runtimes for Intel Processors},
    year = 2020,
    url = {https://software.intel.com/content/www/us/en/develop/articles/opencl-drivers.html},
    urldate = {2020-06-13}
}

@online{streamhpc,
    title = {Install OpenCL on Debian, Ubuntu and Mint orderly},
    year = 2011,
    url = {https://streamhpc.com/blog/2011-06-24/install-opencl-on-debianubuntu-orderly/},
    urldate = {2020-06-13}
}

@book{openclguide,
    author = {Aaftab Munshiand Benedict Gasterand Timothy G. Mattsonand Dan Ginsburg},
    title     = {OpenCL Programming Guide},
    year      = 2011,
    publisher = {Pearson Education}
}

@online{pyopencl,
    author = {Andreas Kloeckner},
    title = {PyOpenCL Documentation},
    year = 2009,
    url = {https://documen.tician.de/pyopencl/},
    urldate = {2020-06-13}
}
